% This file was created with JabRef 2.9.2.
% Encoding: UTF-8

@Inbook{tiger,
	author="Anderson, Ross
	and Biham, Eli",
	editor="Gollmann, Dieter",
	chapter="Tiger: A fast new hash function",
	title="Fast Software Encryption: Third International Workshop Cambridge, UK, February 21--23 1996 Proceedings",
	year="1996",
	publisher="Springer Berlin Heidelberg",
	address="Berlin, Heidelberg",
	pages="89--97",
	isbn="978-3-540-49652-6",
	doi="10.1007/3-540-60865-6_46",
	url="http://dx.doi.org/10.1007/3-540-60865-6_46"
}

@BOOKLET{Appleby2016,
  title = {SMHasher wiki page},
  author = {Austin Appleby},
  year = {2016},
  note = {\url{https://github.com/aappleby/smhasher/wiki} [Online, navštíveno:
	5.~15.~2016]},
  owner = {tripod},
  timestamp = {2016.05.16}
}

@BOOKLET{murmurhash3,
  title = {SMHasher and MurmurHash3 webpage},
  author = {Austin Appleby},
  year = {2016},
  note = {\url{https://github.com/aappleby/smhasher/wiki/}, [Online, navštíveno:
	3.~5.~2016]},
}

@BOOKLET{murmurhash2,
  title = {MurmurHash2 webpage},
  author = {Austin Appleby},
  year = {2011},
  note = {\url{https://sites.google.com/site/murmurhash/}, [Online, navštíveno:
	4.~5.~2016]},
}

@INPROCEEDINGS{grammar_evolution,
  author = {Patrick Berarducci and Demetrius Jordan and David Martin and Jennifer
	Seitzer},
  title = {Using Grammar Evolution to Generate Hashing Functions},
  booktitle = {Proceedings of the Fifteenth Midwest Artificial Intelligence and
	Cognitive Science Conference},
  address = {Schaumburg, Illinois},
  month = {Duben},
  organization = {Roosevelt University School of Computer Science and Telecommunications},
  pages = {31-39},
  year = {2004}
}

@Inbook{sponge,
	author="Bertoni, Guido
	and Daemen, Joan
	and Peeters, Micha{\"e}l
	and Van Assche, Gilles",
	editor="Miri, Ali
	and Vaudenay, Serge",
	chapter="Duplexing the Sponge: Single-Pass Authenticated Encryption and Other Applications",
	title="Selected Areas in Cryptography: 18th International Workshop, SAC 2011, Toronto, ON, Canada, August 11-12, 2011, Revised Selected Papers",
	year="2012",
	publisher="Springer Berlin Heidelberg",
	address="Berlin, Heidelberg",
	pages="320--337",
	isbn="978-3-642-28496-0",
	doi="10.1007/978-3-642-28496-0_19",
	url="http://dx.doi.org/10.1007/978-3-642-28496-0_19"
}

@INPROCEEDINGS{haifa,
	author = {Eli Biham and Orr Dunkelman},
	title = {A Framework for Iterative Hash Functions: HAIFA},
	booktitle = {Proceedings of Second NIST Cryptographic Hash Workshop},
	year = {2006},
    month = {Červenec},
    pages = {1-20},
    howpublished = {Internet Requests for Comments},
  publisher = {RFC Editor}
}

@TECHREPORT{selection_schemes_comparison,
  author = {Tobias Blickle and Lothar Thiele},
  title = {A Comparison of Selection Schemes used in Genetic Algorithms},
  institution = {Computer Engineering and Communication Network Lab},
  year = {1995},
  optmonth = {December},
  opttype = {TIK-Report}
}

@INPROCEEDINGS{damgard0,
  author = {Ivan Damg\r{a}rd},
  title = {A design principle for hash functions.},
  booktitle = {CRYPTO 89: Proceedings of the 9th Annual Inter- national Cryptology
	Conference on Advances in Cryptology},
  year = {1989},
  pages = {416--427},
  publisher = {Springer},
  language = {english},
  location = {London, ZA}
}

@INPROCEEDINGS{dobai0,
  author = {Roland Dobai and Jan Ko{\v{r}}enek},
  title = {Evolution of Non-Cryptographic Hash Function Pairs for FPGA-Based
	Network Applications},
  booktitle = {2015 IEEE Symposium Series on Computational Intelligence},
  year = {2015},
  pages = {1214--1219},
  publisher = {Institute of Electrical and Electronics Engineers},
  isbn = {978-1-4799-7560-0},
  language = {english},
  location = {Cape Town, ZA},
  url = {http://www.fit.vutbr.cz/research/view_pub.php.cs?id=10919}
}

@TECHREPORT{rfc3174,
  author = {D. Eastlake and P. Jones},
  title = {US Secure Hash Algorithm 1 (SHA1)},
  institution = {RFC Editor},
  year = {2001},
  type = {RFC},
  number = {3174},
  month = {September},
  howpublished = {Internet Requests for Comments},
  pages = {1-22},
  publisher = {RFC Editor}
}

@article{NCHF_auto_design,
  author = {Cesar Esebanez and Yago Saez and Gustavo Recio and Pedro Isasi},
  title = {Automatic Design of Noncryptographic hash functions using genetic
	programming},
  journal = {Computational Intelligence},
  year = {2014},
  number = {4},
  volume = {30},
  pages={798-831},
  published={Blackwell Publishers, Inc. Cambridge, MA, USA}
}

@BOOKLET{Hsieh2004-2008,
  title = {Hash functions. Paul Hsieh's article on SuperFashHash},
  author = {Paul Hsieh},
  year = {2004-2008},
  note = {\url{http://www.azillionmonkeys.com/qed/hash.html}, [Online, navštíveno:
	5.~15.~2016]},
}

@TECHREPORT{rfc4634,
  author = {J. Jansen},
  title = {US Secure Hash Algorithm 1 (SHA1)},
  institution = {RFC Editor},
  year = {2006},
  type = {RFC},
  number = {4634},
  month = {Červenec},
  howpublished = {Internet Requests for Comments},
  pages = {1-14},
  publisher = {RFC Editor}
}

@BOOKLET{Jenkins2012,
  title = {SpookyHash: a 128-bit noncryptographic hash},
  author = {Bob Jenkins},
  year = {2012},
  note = {\url{http://burtleburtle.net/bob/hash/spooky.html}},
  owner = {tripod},
  timestamp = {2016.05.15}
}

@BOOK{art_of_programming,
  title = {The art of computer programming},
  publisher = {Addison Wesley Longman Publishing Co., Inc. Redwood City, CA},
  year = {1998},
  author = {Donald E. Knuth},
  month = {Březen},
  volume = {3 / Sorting and Searching},
  isbn={0-201-89685-0 }
}

@BOOK{GPTutorial,
  title = {A Field Guide to Genetic Programming},
  year = {2007},
  author = {John R. Koza and Riccardo Poli and William B. Langdon and Nicolas
	F. McPhee},
  publisher={Lulu Enterprises, UK Ltd},
  isbn={1409200736},
  month = {October},
}

@misc{merkle1,
  number = {US 4309569},
  year = {1982},
  author = {Ralph Merkle},
  title = {Method of providing digital signatures},
  type = {Patent},
  day = {1},
  month = {5},
  filing_num = {19790905},
  location = {US}
}

@PHDTHESIS{merkle0,
  author = {Ralph Charles Merkle},
  title = {SECRECY, AUTHENTICATION, AND PUBLIC KEY SYSTEMS},
  school = {Standford University},
  year = {1979}
}

@ARTICLE{Cuckoo_hashing,
  author = {Rasmus Pagh and Flemming Friche Rodler},
  title = {Cuckoo hashing},
  journal = {Journal of Algorithms},
  year = {2004},
  volume = {51},
  pages = {122--144},
  number = {2}
}

@BOOKLET{farmhash,
  title = {Google Open Source Blog},
  author = {Geoff Pike},
  year = {2014},
  note = {\url{http://google-opensource.blogspot.cz/2014/03/introducing-farmhash.html},
	[Online, navštíveno: 4.~10.~2016]},
}

@MISC{cityhash_slides,
  author = {Geoff Pike},
  title = {CityHash: Fast Hash Functions for Strings},
  howpublished = {Standford university class slides},
  month = {Říjen},
  year = {2012}
}

@UNPUBLISHED{nlprog,
  author = {Pavel Popela},
  title = {Nonlinear Programming},
  month = {Prosinec},
  year = {2002},
  note={Studijní opora ke kurzu Optimalizace. Fakulta Strojního Inženýrství, Vysoké Učení Technické v Brně}
}

@TECHREPORT{rfc1321,
  author = {Ronald Rivest},
  title = {The MD5 Message-Digest Algorithm},
  institution = {RFC Editor},
  year = {1992},
  type = {RFC},
  number = {1321},
  month = {Duben},
  howpublished = {Internet Requests for Comments},
  pages = {1-21},
  publisher = {RFC Editor}
}

@INPROCEEDINGS{safdari,
  author = {Mustafa Safdari},
  title = {Evolving Universal Hash Functions using Genetic Algorithms},
  booktitle = {Proceedings of the Tenth Genetic and Evolutionary Computation Conference},
  address = {Montréal Quebec, Canada},
  month = {Červen},
  year = {2009},
  pages={2729--2732}
}

@UNPUBLISHED{ES,
  author = {Josef Schwartz},
  title = {Evoluční Strategie},
  note = {Studijní opora ke kurzu Aplikované Evoluční Algorithmy. Fakulta Informačních Technologií, Vysoké Učení Technické v Brně}
}

@BOOK{evolution_hardware,
  title = {Evoluční hardware},
  publisher = {Academia},
  year = {2009},
  author = {Lukáš Sekanina},
  edition = {1}
}

@BOOKLET{Simone2014,
  title = {InfoQ: Google publishes FarmHash},
  author = {Sergio De Simone},
  year = {2014},
  note = {\url{http://www.infoq.com/news/2014/04/google_farmhash}, [Online,
	navštíveno: 5.~15.~2016]},
  owner = {tripod},
  timestamp = {2016.05.15}
}

@ARTICLE{nflteorem,
  author = {David H. Wolpert and William G. Macready},
  title = {No Free Lunch Theorems for Optimization},
  journal = {IEEE transactions on evolutionary computation},
  year = {1997},
  month = {Duben},
  number = {1},
  volume = {1},
  pages={67--82}
}

@ARTICLE{perfect_hashing,
  author = {Zbigniew J. Czech, George Havas, Bohdan S. Majewski},
  title = {Fundamental Study: Perfect Hashing},
  year = {1997},
  pages = {1--143},
  journal = {Theoretical Computer Science},
  language = {English},
  series = {182}
}

@unpublished{standford1,
	author = {Autor neznámý},
	title = {Cuckoo Hash},
	year = {rok neznámý},
	pages = {17-24},
	language = {English},
    note={Přednášky ke kurzu o hašovacích funkcích na univerzitě Standford}
}

