% This file was created with JabRef 2.9.2.
% Encoding: UTF-8

@OTHER{tiger,
  author = {Ross Anderson and Eli Biham},
  booktitle = {proceedings of Fast Software Encryption 3},
  language = {english},
  location = {Cambridge, UK},
  pages = {??},
  publisher = {??},
  title = {Tiger: A Fast New Hash Function},
  year = {1996}
}

@BOOKLET{Appleby2016,
  title = {SMHasher wiki page},
  author = {Austin Appleby},
  year = {2016},
  note = {\url{https://github.com/aappleby/smhasher/wiki} [Online, accessed:
	5.~15.~2016]},
  owner = {tripod},
  timestamp = {2016.05.16}
}

@BOOKLET{murmurhash3,
  title = {SMHasher and MurmurHash3 webpage},
  author = {Austin Appleby},
  year = {2016},
  note = {\url{https://github.com/aappleby/smhasher/wiki/}, [Online, accessed:
	3.~5.~2016]},
  url = {https://github.com/aappleby/smhasher/wiki}
}

@BOOKLET{murmurhash2,
  title = {MurmurHash2 webpage},
  author = {Austin Appleby},
  year = {2011},
  note = {\url{https://sites.google.com/site/murmurhash/}, [Online, accessed:
	4.~5.~2016]},
  url = {https://sites.google.com/site/murmurhash/}
}

@INPROCEEDINGS{grammar_evolution,
  author = {Patrick Berarducci and Demetrius Jordan and David Martin and Jennifer
	Seitzer},
  title = {Using Grammar Evolution to Generate Hashing Functions},
  booktitle = {Proceedings of the Fifteenth Midwest Artificial Intelligence and
	Cognitive Science Conference},
  optaddress = {Schaumburg, Illinois},
  optmonth = {April},
  optorganization = {Roosevelt University School of Computer Science and Telecommunications},
  optpages = {31-39},
  optyear = {2004}
}

@BOOKLET{sponge,
  title = {Duplexing the sponge},
  author = {Guido Bertoni and Joan Daemen and Michaďż˝l Peeters and and Gilles
	Van Assche},
  date = {tak to vubec netusim},
  subtitle = {single-pass authenticated encryption and other applications}
}

@TECHREPORT{haifa,
  author = {Eli Biham and Orr Dunkleman},
  title = {A Framework for Iterative Hash Functions ? HAIFA},
  institution = {Department of Electrical Engineering ESAT/SCD-COSIC},
  year = {2006},
  month = {July},
  howpublished = {Internet Requests for Comments},
  pages = {1-20},
  publisher = {RFC Editor}
}

@TECHREPORT{selection_schemes_comparison,
  author = {Tobias Blickle and Lothar Thiele},
  title = {A Comparison of Selection Schemes used in Genetic Algorithms},
  institution = {Computer Engineering and Communication Network Lab},
  year = {1995},
  optmonth = {December},
  opttype = {TIK-Report}
}

@INPROCEEDINGS{damgard0,
  author = {Ivan Damg\r{a}rd},
  title = {A design principle for hash functions.},
  booktitle = {CRYPTO ?89: Proceedings of the 9th Annual Inter- national Cryptology
	Conference on Advances in Cryptology},
  year = {1989},
  pages = {416-427},
  publisher = {Springer},
  language = {english},
  location = {London, ZA}
}

@INPROCEEDINGS{dobai0,
  author = {Roland Dobai and Jan Ko{\v{r}}enek},
  title = {Evolution of Non-Cryptographic Hash Function Pairs for FPGA-Based
	Network Applications},
  booktitle = {2015 IEEE Symposium Series on Computational Intelligence},
  year = {2015},
  pages = {1214--1219},
  publisher = {Institute of Electrical and Electronics Engineers},
  isbn = {978-1-4799-7560-0},
  language = {english},
  location = {Cape Town, ZA},
  url = {http://www.fit.vutbr.cz/research/view_pub.php.cs?id=10919}
}

@TECHREPORT{rfc3174,
  author = {D. Eastlake and P. Jones},
  title = {US Secure Hash Algorithm 1 (SHA1)},
  institution = {RFC Editor},
  year = {2001},
  type = {RFC},
  number = {3174},
  month = {September},
  howpublished = {Internet Requests for Comments},
  pages = {1-22},
  publisher = {RFC Editor}
}

@ARTICLE{NCHF_auto_design,
  author = {Csar Esbanez and Yago Saez and Gustavo Recio and Pedro Isasi},
  title = {Automatic Design of Noncryptographic hash functions using genetic
	programming},
  journal = {Computational Intelligence},
  year = {2014},
  optnumber = {0},
  optvolume = {0}
}

@BOOKLET{Hsieh2004-2008,
  title = {Hash functions. Paul Hsieh's article on SuperFashHash},
  author = {Paul Hsieh},
  year = {2004-2008},
  note = {\url{http://www.azillionmonkeys.com/qed/hash.html}, [Online, accessed:
	5.~15.~2016]},
  owner = {tripod},
  timestamp = {2016.05.15}
}

@TECHREPORT{rfc4634,
  author = {J. Jansen},
  title = {US Secure Hash Algorithm 1 (SHA1)},
  institution = {RFC Editor},
  year = {2006},
  type = {RFC},
  number = {4634},
  month = {July},
  howpublished = {Internet Requests for Comments},
  pages = {1-14},
  publisher = {RFC Editor}
}

@BOOKLET{Jenkins2012,
  title = {SpookyHash: a 128-bit noncryptographic hash},
  author = {Bob Jenkins},
  year = {2012},
  note = {\url{http://burtleburtle.net/bob/hash/spooky.html}},
  owner = {tripod},
  timestamp = {2016.05.15}
}

@BOOK{art_of_programming,
  title = {The art of computer programming},
  publisher = {Addison-Wesley},
  year = {1998},
  author = {Donald E. Knuth},
  optmonth = {March},
  optvolume = {3 / Sorting and Searching}
}

@BOOK{GPTutorial,
  title = {Genetic Programming An Introductory Tutorial and a Survey of Techniques
	and Applications},
  year = {2007},
  author = {John R. Koza and Riccardo Poli and William B. Langdon and Nicolas
	F. McPhee},
  optmonth = {October},
  optseries = {CES},
  optvolume = {475}
}

@PATENT{merkle1,
  number = {US 4309569},
  year = {1982},
  author = {Ralph Merkle},
  title = {Method of providing digital signatures},
  type = {Patent},
  day = {1},
  month = {5},
  url = {http://www.patentlens.net/patentlens/patent/US_4309569/},
  filing_num = {19790905},
  location = {US}
}

@PHDTHESIS{merkle0,
  author = {Ralph Charles Merkle},
  title = {SECRECY, AUTHENTICATION, AND PUBLIC KEY SYSTEMS},
  school = {Standford University},
  year = {1979}
}

@ARTICLE{Cuckoo_hashing,
  author = {Rasmus Pagh and Flemming Friche Rodler},
  title = {Cuckoo hashing},
  journal = {Journal of Algorithms},
  year = {2004},
  volume = {51},
  pages = {122--144},
  number = {2}
}

@BOOKLET{farmhash,
  title = {Google Open Source Blog},
  author = {Geoff Pike},
  year = {2014},
  note = {\url{http://google-opensource.blogspot.cz/2014/03/introducing-farmhash.html},
	[Online, accessed: 4.~10.~2016]},
  url = {http://google-opensource.blogspot.cz/2014/03/introducing-farmhash.html}
}

@MISC{cityhash_slides,
  author = {Geoff Pike},
  title = {CityHash: Fast Hash Functions for Strings},
  howpublished = {Standford university class slides},
  month = {October},
  year = {2012}
}

@UNPUBLISHED{nlprog,
  author = {Pavel Popela},
  title = {Nonlinear Programming},
  optmonth = {December},
  optyear = {2002}
}

@TECHREPORT{rfc1321,
  author = {Ronald Rivest},
  title = {The MD5 Message-Digest Algorithm},
  institution = {RFC Editor},
  year = {1992},
  type = {RFC},
  number = {1321},
  month = {April},
  howpublished = {Internet Requests for Comments},
  pages = {1-21},
  publisher = {RFC Editor}
}

@INPROCEEDINGS{safdari,
  author = {Mustafa Safdari},
  title = {Evolving Universal Hash Functions using Genetic Algorithms},
  booktitle = {Proceedings of the Tenth Genetic and Evolutionary Computation Conference},
  optaddress = {Montrďż˝al Quďż˝bec, Canada},
  optmonth = {July},
  optyear = {2009}
}

@UNPUBLISHED{ES,
  author = {Josef Schwartz},
  title = {Evolun Strategie},
  note = {applied evolution algorithms course presentation}
}

@BOOK{evolution_hardware,
  title = {Evolun hardware},
  publisher = {Academia},
  year = {2009},
  author = {Luk Sekanina},
  optedition = {1}
}

@BOOKLET{Simone2014,
  title = {InfoQ: Google publishes FarmHash},
  author = {Sergio De Simone},
  year = {2014},
  note = {\url{http://www.infoq.com/news/2014/04/google_farmhash}, [Online,
	accessed: 5.~15.~2016]},
  owner = {tripod},
  timestamp = {2016.05.15}
}

@ARTICLE{nflteorem,
  author = {David H. Wolpert and William G. Macready},
  title = {No Free Lunch Theorems for Optimization},
  journal = {IEEE transactions on evolutionarz computation},
  year = {1997},
  optmonth = {April},
  optnumber = {1},
  optvolume = {1}
}

@ARTICLE{perfect_hashing,
  author = {Zbigniew J. Czech, George Havas, Bohdan S. Majewski},
  title = {Fundamental Study: Perfect Hashing},
  year = {1997},
  pages = {1-143},
  journaltitle = {Theoretical Computer Science},
  optlanguage = {English},
  series = {182}
}

@unpublished{standford1,
	author = {dontknowyet},
	title = {Cuckoo Hash},
	year = {Dont know yet},
	pages = {17-24},
	optlanguage = {English},
}

