@Book{evolution_hardware,
author = {Luká¹ Sekanina},
title = {Evoluèní hardware},
publisher = {Academia},
year = {2009},
OPTedition = {1},
}   
   
@Unpublished{nlprog,
author = {Pavel Popela},
title = {Nonlinear Programming},
OPTmonth = {December},
OPTyear = {2002},
}

@Article{nflteorem,
author = {David H. Wolpert and William G. Macready},
title = {No Free Lunch Theorems for Optimization},
journal = {IEEE transactions on evolutionarz computation},
year = {1997},
OPTvolume = {1},
OPTnumber = {1},
OPTmonth = {April},
}

@TechReport{selection_schemes_comparison,
author = {Tobias Blickle and Lothar Thiele},
title = {A Comparison of Selection Schemes used in Genetic Algorithms},
institution = {Computer Engineering and Communication Network Lab},
year = {1995},
OPTtype = {TIK-Report},
OPTmonth = {December},
}

@Unpublished{ES,
author = {Josef Schwartz},
title = {Evoluèní Strategie},
note = {applied evolution algorithms course presentation},
}

@Book{GPTutorial,
author = {John R. Koza and Riccardo Poli and William B. Langdon and Nicolas F. McPhee},
title = {Genetic Programming An Introductory Tutorial and a Survey of Techniques and Applications},
year = {2007},
OPTvolume = {475},
OPTseries = {CES},
OPTmonth = {October},
}

@Article{NCHF_auto_design,
author = {César Esébanez and Yago Saez and Gustavo Recio and Pedro Isasi},
title = {Automatic Design of Noncryptographic hash functions using genetic programming},
journal = {Computational Intelligence},
year = {2014},
OPTvolume = {0},
OPTnumber = {0},
}

@InProceedings{grammar_evolution,
author = {Patrick Berarducci and Demetrius Jordan and David Martin and Jennifer Seitzer},
title = {Using Grammar Evolution to Generate Hashing Functions},
booktitle = {Proceedings of the Fifteenth Midwest Artificial Intelligence and
Cognitive Science Conference},
OPTpages = {31-39},
OPTyear = {2004},
OPTaddress = {Schaumburg, Illinois},
OPTmonth = {April},
OPTorganization = {Roosevelt University
School of Computer Science and
Telecommunications},
}

@InProceedings{safdari,
author = {Mustafa Safdari},
title = {Evolving Universal Hash Functions using Genetic Algorithms},
booktitle = {Proceedings of the Tenth Genetic and Evolutionary Computation Conference},
OPTyear = {2009},
OPTaddress = {Montréal Québec, Canada},
OPTmonth = {July},
}

@Book{art_of_programming,
author = {Donald E. Knuth},
title = {The art of computer programming},
publisher = {Addison-Wesley},
year = {1998},
OPTvolume = {3 / Sorting and Searching},
OPTmonth = {March},
}

@INPROCEEDINGS{dobai0,
   author = {Roland Dobai and Jan Ko{\v{r}}enek},
   title = {Evolution of Non-Cryptographic Hash Function Pairs for
	FPGA-Based Network Applications},
   pages = {1214--1219},
   booktitle = {2015 IEEE Symposium Series on Computational Intelligence},
   year = {2015},
   location = {Cape Town, ZA},
   publisher = {Institute of Electrical and Electronics Engineers},
   ISBN = {978-1-4799-7560-0},
   language = {english},
   url = {http://www.fit.vutbr.cz/research/view_pub.php.cs?id=10919}
}

@booklet{murmurhash2,
	author = {Austin Appleby},
	title = {MurmurHash2 webpage},
	year = {2011},
	url = {https://sites.google.com/site/murmurhash/},
	note = "\url{https://sites.google.com/site/murmurhash/},
	[Online, accessed: 4.~5.~2016]"
}

@booklet{farmhash,
	author = {Geoff Pike},
	title = {Google Open Source Blog},
	year = {2014},
	url = {http://google-opensource.blogspot.cz/2014/03/introducing-farmhash.html},
	note = "\url{http://google-opensource.blogspot.cz/2014/03/introducing-farmhash.html},
	[Online, accessed: 4.~10.~2016]"
}

@booklet{murmurhash3,
	author = {Austin Appleby},
	title = {SMHasher and MurmurHash3 webpage},
	year = {2016},
	url = {https://github.com/aappleby/smhasher/wiki},
	note = "\url{https://github.com/aappleby/smhasher/wiki/},
	[Online, accessed: 3.~5.~2016]"
}

@Misc{cityhash_slides,
	author = {Geoff Pike},
	title = {CityHash: Fast Hash Functions for Strings},
	howpublished = {Standford university class slides},
	month = {October},
	year = {2012},
}

@INPROCEEDINGS{damgard0,
	author = {Ivan Damg?rd},
	title = {A design principle for hash functions.},
	pages = {416-427},
	booktitle = {CRYPTO ?89: Proceedings of the 9th Annual Inter-
	national Cryptology Conference on Advances in Cryptology},
	year = {1989},
	location = {London, ZA},
	publisher = {Springer},
	language = {english},
}

@Phdthesis{merkle0,
	author={Ralph Charles Merkle},
	title={SECRECY, AUTHENTICATION, AND PUBLIC KEY SYSTEMS},
	school={Standford University},
	year=1979
}

@Article{Cuckoo_hashing,
	author = "Rasmus Pagh and Flemming Friche Rodler",
	title = "Cuckoo hashing",
	pages = "122--144",
	journal = "Journal of Algorithms",
	volume = "51",
	number = "2",
	year = "2004",
}

@Techreport{rfc1321,
	author={Ronald Rivest},
	title={The MD5 Message-Digest Algorithm},
	howpublished = {Internet Requests for Comments},
	type={RFC},
	number=1321,
	pages={1-21},
	year=1992,
	month={April},
	publisher={RFC Editor},
	institution = {RFC Editor},		
}

@Techreport{rfc3174,
	author={D. Eastlake and P. Jones},
	title={US Secure Hash Algorithm 1 (SHA1)},
	howpublished = {Internet Requests for Comments},
	type={RFC},
	number=3174,
	pages={1-22},
	year=2001,
	month={September},
	publisher={RFC Editor},
	institution = {RFC Editor},		
}

@Techreport{rfc4634,
	author={J. Jansen},
	title={US Secure Hash Algorithm 1 (SHA1)},
	howpublished = {Internet Requests for Comments},
	type={RFC},
	number=4634,
	pages={1-14},
	year=2006,
	month={July},
	publisher={RFC Editor},
	institution = {RFC Editor},		
}

@InProceeding{tiger,
	author={Ross Anderson and Eli Biham},
	title={Tiger: A Fast New Hash Function},
	pages = {??},
	booktitle = {proceedings of Fast Software Encryption 3},
	year = {1996},
	location = {Cambridge, UK},
	publisher = {??},
	language = {english},
}	
	
}







   
